<record><leader>00000cas a22000007a 4500</leader><controlfield tag="001">14402201</controlfield><controlfield tag="008">861016d190419uukyuwr ne      0    0eng d</controlfield><datafield ind1=" " ind2=" " tag="010"><subfield code="a">sn 86069631 </subfield></datafield><datafield ind1=" " ind2=" " tag="040"><subfield code="a">KNP</subfield><subfield code="b">eng</subfield><subfield code="c">KNP</subfield><subfield code="d">MGN</subfield><subfield code="d">OCLCQ</subfield><subfield code="d">KYUBL</subfield><subfield code="d">OCLCQ</subfield><subfield code="d">OCLCF</subfield><subfield code="d">OCLCO</subfield></datafield><datafield ind1="1" ind2=" " tag="029"><subfield code="a">AU@</subfield><subfield code="b">000025829117</subfield></datafield><datafield ind1=" " ind2=" " tag="042"><subfield code="a">msc</subfield></datafield><datafield ind1=" " ind2=" " tag="043"><subfield code="a">n-us-ky</subfield></datafield><datafield ind1="0" ind2="4" tag="245"><subfield code="a">The Bugle-herald.</subfield></datafield><datafield ind1=" " ind2=" " tag="260"><subfield code="a">Grayson, Ky. :</subfield><subfield code="b">John Marshall</subfield></datafield><datafield ind1=" " ind2=" " tag="300"><subfield code="a">v. :</subfield><subfield code="b">ill.</subfield></datafield><datafield ind1=" " ind2=" " tag="310"><subfield code="a">Weekly</subfield></datafield><datafield ind1="1" ind2=" " tag="362"><subfield code="a">Began Jan. 1, 1904?</subfield></datafield><datafield ind1=" " ind2=" " tag="515"><subfield code="a">Issues for Apr. 1, 1904- called also Old ser., 14th year- in continuance of the numbering of the Carter County bugle.</subfield></datafield><datafield ind1=" " ind2=" " tag="588"><subfield code="a">Description based on: New ser., v. 1, no. 14 (Apr. 1, 1904).</subfield></datafield><datafield ind1=" " ind2="0" tag="651"><subfield code="a">Carter County (Ky.)</subfield><subfield code="v">Newspapers.</subfield></datafield><datafield ind1=" " ind2="0" tag="651"><subfield code="a">Grayson (Ky.)</subfield><subfield code="v">Newspapers.</subfield></datafield><datafield ind1=" " ind2="7" tag="655"><subfield code="a">Newspapers.</subfield><subfield code="2">fast</subfield><subfield code="0">(OCoLC)fst01423814</subfield></datafield><datafield ind1=" " ind2="7" tag="651"><subfield code="a">Kentucky</subfield><subfield code="z">Carter County.</subfield><subfield code="2">fast</subfield><subfield code="0">(OCoLC)fst01221863</subfield></datafield><datafield ind1=" " ind2="7" tag="651"><subfield code="a">Kentucky</subfield><subfield code="z">Grayson.</subfield><subfield code="2">fast</subfield><subfield code="0">(OCoLC)fst01252543</subfield></datafield><datafield ind1=" " ind2=" " tag="752"><subfield code="a">United States</subfield><subfield code="b">Kentucky</subfield><subfield code="c">Carter</subfield><subfield code="d">Grayson.</subfield></datafield><datafield ind1="0" ind2="4" tag="780"><subfield code="t">Carter County bugle</subfield><subfield code="w">(DLC)sn 86069630</subfield></datafield><datafield ind1="0" ind2="4" tag="780"><subfield code="t">Herald (Grayson, Ky.)</subfield><subfield code="w">(DLC)sn 88061183</subfield></datafield></record>